%% PUBLISHED ARTICLES

@article{alauzet2006parallel,
  author = {Alauzet, Fr{\'e}d{\'e}ric and Li, Xiangrong and Seol, E Seegyoung and Shephard, Mark S},
  doi = {10.1007/s00366-005-0009-3},
  journal = {Eng. with Comp.},
  month = {Jan.},
  number={3},
  pages={247--258},
  publisher={Springer},
  title={Parallel anisotropic {3D} mesh adaptation by mesh modification},
  volume={21},
  year={2006},
}

@article{babuska1984post1,
  author = {Babu\v{s}ka, Ivo and Miller, Anthony},
  doi = {10.1002/nme.1620200610},
  journal = {Int. J. for Numerical Methods. in Eng.},
  month = {Jun.},
  number = {6},
  pages = {1085--1109},
  publisher = {Wiley-Blackwell},
  title = {The post-processing approach in the finite element method, {Part 1}: {C}alculation of displacements, stresses and other higher derivatives of the displacements},
  volume = {20},
  year = {1984}
}

@article{babuska1984post2,
  author = {Babu\v{s}ka, Ivo and Miller, Anthony},
  doi = {10.1002/nme.1620200611},
  journal = {Int. J. for Numerical Methods. in Eng.},
  month = {Jun.},
  number = {6},
  pages = {1111--1129},
  publisher = {Wiley-Blackwell},
  title = {The post-processing approach in the finite element method, {Part 2}: {T}he calculation of stress intensity factors},
  volume = {20},
  year = {1984}
}

@article{babuska1984post3,
  author = {Babu\v{s}ka, Ivo and Miller, Anthony},
  doi = {10.1002/nme.1620201211},
  journal = {Int. J. for Numerical Methods. in Eng.},
  month = {Dec.},
  number = {12},
  pages = {2311--2324},
  publisher = {Wiley-Blackwell},
  title = {The post-processing approach in the finite element method, {Part 3}: {A} posteriori error estimates and adaptive mesh selection},
  volume = {20},
  year = {1984}
}

@article{babuvska1994pollution,
  author={Babu\v{s}ka, I and Strouboulis, T and Mathur, A and Upadhyay, CS},
  doi = {10.1016/S0045-7825(96)01013-4},
  journal = {Finite Elements in Anal. and Design},
  month = {Jan.},
  number = {4},
  pages = {273--321},
  publisher = {Elsevier},
  title = {Pollution-error in the h-version of the finite-element method and the local quality of a-posteriori error estimators},
  volume={17},
  year={1994},
}

@article{barth2004taxonomy,
  author = {Barth, Teri and Bochev, Pavel and Gunzburger, Max and Shadid, John},
  doi = {10.1137/S1064827502407718},
  journal = {SIAM J. on Scientific Comput.},
  month = {Jul.},
  number = {5},
  pages = {1585--1607},
  publisher = {Soc. for Ind. \& Appl. Math.},
  title = {A taxonomy of consistently stabilized finite element methods for the {S}tokes problem},
  volume = {25},
  year = {2004}
}

@article{bavier2012amesos2,
  author = {Bavier, Eric and Hoemmen, Mark and Rajamanickam, Sivasankaran and Thornquist, Heidi},
  doi = {10.3233/SPR-2012-0352},
  journal={Scientific Programming},
  month = {Jan.},
  number = {3},
  pages = {241--255},
  publisher = {Hindawi Publishing Corp.},
  title = {Amesos2 and {B}elos: {D}irect and iterative solvers for large sparse linear systems},
  volume = {20},
  year = {2012}
}

@article{becker2001optimal,
  author = {Becker, Roland and Rannacher, Rolf},
  doi = {https://doi.org/10.1017/S0962492901000010},
  journal = {Acta Numerica},
  month = {May.},
  pages={1--102},
  publisher = {Cambridge Univ. Press},
  title={An optimal control approach to a posteriori error estimation in finite element methods},
  volume={10},
  year={2001}
}

@article{boussetta2006adaptive,
  author = {Boussetta, Ramzy and Coupez, Thierry and Fourment, Lionel},
  doi = {10.1016/j.cma.2005.06.029},
  journal = {Comput. Methods in Appl. Mechanics and Eng.},
  month = {Oct.},
  number = {48},
  pages = {6626--6645},
  publisher = {Elsevier},
  title = {Adaptive remeshing based on a posteriori error estimation for forging simulation},
  volume = {195},
  year = {2006}
}

@article{braack2003posteriori,
  author = {Braack, Malte and Ern, Alexandre},
  doi = {10.1137/S1540345902410482},
  journal = {Multiscale Modeling \& Simulation},
  month = {Jul.},
  number={2},
  pages = {221--238},
  publisher = {Soc. for Ind. \& Appl. Math.},
  title = {A posteriori control of modeling errors and discretization errors},
  volume = {1},
  year = {2003}
}

@article{brooks1982streamline,
  author = {Brooks, Alexander N and Hughes, Thomas JR},
  doi = {10.1016/0045-7825(82)90071-8},
  journal = {Comput. Methods in Appl. Mechanics and Eng.},
  month = {Sep.},
  number = {1},
  pages = {199--259},
  publisher = {Elsevier},
  title = {Streamline upwind Petrov-Galerkin formulations for convection dominated flows with particular emphasis on the incompressible Navier-Stokes equations},
  volume = {32},
  year = {1982}
}

@article{burstedde2009parallel,
  author = {Burstedde, Carsten and Ghattas, Omar and Stadler, Georg and Tu, Tiankai and Wilcox, Lucas C},
  doi = {10.1016/j.cma.2008.12.015},
  journal = {Comput. Methods in Appl. Mechanics and Eng.},
  month = {May},
  number = {21},
  pages = {1691--1700},
  publisher = {Elsevier},
  title = {Parallel scalable adjoint-based adaptive solution of variable-viscosity Stokes flow problems},
  volume = {198},
  year = {2009}
}

@article{connors2013method,
  author = {Connors, Jeffrey M and Banks, Jeffrey W and Hittinger, Jeffrey A and Woodward, Carol S},
  doi = {10.1137/110845100},
  journal = {SIAM J. on Numerical Anal.},
  month = {Mar.},
  number = {2},
  pages = {894--926},
  publisher = {Soc. for Ind. \& Appl. Math.},
  title = {A method to calculate numerical errors using adjoint error estimation for linear advection},
  volume = {51},
  year = {2013}
}

@article{cyr2014approaches,
  author={Cyr, Eric C and Shadid, John and Wildey, Tim},
  doi = {10.1137/120895822},
  journal={SIAM J. on Scientific Comput.},
  month = {Apr.},
  number={2},
  pages = {A766--A791},
  publisher = {Soc. for Ind. \& Appl. Math.},
  title = {Approaches for adjoint-based a posteriori analysis of stabilized finite element methods},
  volume = {36},
  year = {2014}
}

@article{discher2005tissue,
  author = {Discher, Dennis E and Janmey, Paul and Wang, Yu-li},
  doi = {10.1126/science.1116995},
  journal={Science},
  month = {Nov.},
  number = {5751},
  pages = {1139--1143},
  publisher = {American Association for the Advancement of Science},
  title = {Tissue cells feel and respond to the stiffness of their substrate},
  volume = {310},
  year = {2005}
}

@article{dong2017recovery,
  author = {Dong, Li and Oberai, Assad A},
  doi = {10.1016/j.cma.2016.05.020},
  journal = {Comput. Methods in Appl. Mechanics and Eng.},
  month = {Feb.},
  pages = {296--313},
  publisher = {Elsevier},
  title={Recovery of cellular traction in three-dimensional nonlinear hyperelastic matrices},
  volume={314},
  year={2017}
}

@article{eriksson1995introduction,
  author={Eriksson, Kenneth and Estep, Don and Hansbo, Peter and Johnson, Claes},
  doi = {10.1017/S0962492900002531},
  journal = {Acta numerica},
  month = {Jan.},
  pages = {105--158},
  publisher={Cambridge Univ. Press},
  title={Introduction to adaptive methods for differential equations},
  volume={4},
  year={1995}
}

@article{fidkowski2011review,
  author = {Fidkowski, Krzysztof J and Darmofal, David L},
  doi = {10.2514/1.J050073},
  journal={AIAA J.},
  month = {Apr.},
  number = {4},
  pages = {673--694},
  publisher = {Amer. Inst. of Aeronautics and Astronautics},
  title = {Review of output-based error estimation and mesh adaptation in computational fluid dynamics},
  volume = {49},
  year = {2011}
}

@article{fidkowski2011output,
  author = {Fidkowski, Krzysztof J},
  doi = {10.1002/nme.3224},
  journal = {Int. J. for Numerical Methods in Eng.},
  month = {May},
  number = {12},
  pages = {1297--1322},
  publisher = {Wilel-Blackwell},
  title = {Output error estimation strategies for discontinuous Galerkin discretizations of unsteady convection-dominated flows},
  volume = {88},
  year = {2011},
}

@article{franca1992stabilized,
  author = {Franca, Leopoldo P and Frey, Sergio L and Hughes, Thomas JR},
  doi = {10.1016/0045-7825(92)90143-8},
  journal = {Comput. Methods in Appl. Mechanics and Eng.},
  month = {Mar.},
  number = {2},
  pages = {253--276},
  publisher = {Elsevier},
  title = {Stabilized finite element methods: {I}. {A}pplication to the advective-diffusive model},
  volume = {95},
  year = {1992},
}

@article{franca1992stabilizedii,
  author = {Franca, Leopoldo P and Frey, S{\'e}rgio L},
  doi = {10.1016/0045-7825(92)90041-H},
  journal = {Comput. Methods in Appl. Mechanics and Eng.},
  month = {Sep.},
  number = {2},
  pages={209--233},
  publisher={Elsevier},
  title = {Stabilized finite element methods: {II}. {T}he incompressible Navier-Stokes equations},
  volume = {95},
  year = {1992},
}

@article{giles2002adjoint,
  author = {Giles, Michael B and S{\"u}li, Endre},
  doi = {10.1017/S096249290200003X},
  journal = {Acta numerica},
  month = {Jan.},
  pages = {145--236},
  publisher = {Cambridge Univ. Press},
  title = {Adjoint methods for {PDE}s: a posteriori error analysis and postprocessing by duality},
  volume = {11},
  year = {2002}
}

@article{ghorashi2017goal,
  author = {Ghorashi, S. S. and Rabczuk, T.},
  doi = {10.1007/s10704-016-0113-y},
  journal = {Int. J. of Fracture},
  month = {Jan.},
  pages = {3--19},
  publisher = {Springer},
  title = {Goal-oriented error estimation and mesh adaptivity in {3D} elastoplasticity problems},
  volume = {203},
  year={2017}
}

@article{gonzalez2014mesh,
  author = {Gonz{\'a}lez-Estrada, Octavio Andres and Nadal, E and R{\'o}denas, JJ and Kerfriden, Pierre and Bordas, St{\'e}phane Pierre-Alain and Fuenmayor, FJ},
  doi = {10.1007/s00466-013-0942-8},
  journal = {Comput. Mechanics},
  month = {May},
  number = {5},
  pages = {957--976},
  publisher = {Springer},
  title = {Mesh adaptivity driven by goal-oriented locally equilibrated superconvergent patch recovery},
  volume = {53},
  year = {2014}
}

@article{granzow2017output,
  author = {Granzow, Brian N and Shephard, Mark S and Oberai, Assad A},
  doi = {10.1016/j.cma.2017.05.008},
  journal = {Comput. Methods in Appl. Mechanics and Eng.},
  month = {Aug.},
  pages = {441--459},
  publisher = {Elsevier},
  title={Output-based error estimation and mesh adaptation for variational multiscale methods},
  volume={322},
  year={2017}
}

@article{gratsch2005posteriori,
  author = {Gr{\"a}tsch, Thomas and Bathe, Klaus-J\"{u}rgen},
  doi = {10.1016/j.compstruc.2004.08.011},
  journal = {Comput. {\&} Structures},
  month = {Dec.},
  number = {4-5},
  pages = {235--265},
  publisher = {Elsevier},
  title = {A posteriori error estimation techniques in practical finite element analysis},
  volume = {83},
  year = {2005}
}

@article{hauke2006multiscale,
  author = {Hauke, Guillermo and Doweidar, Mohamed H and Miana, Mario},
  doi = {10.1016/j.cma.2005.05.029},
  journal = {Comput. Methods in Appl. Mechanics and Eng.},
  month = {Feb.},
  number = {13},
  pages = {1573--1593},
  publisher = {Elsevier},
  title = {The multiscale approach to error estimation and adaptivity},
  volume={195},
  year={2006}
}

@article{hauke2008variational,
  author = {Hauke, Guillermo and Fuster, Daniel and Doweidar, Mohamed H},
  doi = {10.1016/j.cma.2014.10.032},
  journal = {Comput. Methods in Appl. Mechanics and Eng.},
  month = {Jan.},
  number = {33},
  pages = {2701--2718},
  publisher={Elsevier},
  title={Variational multiscale a-posteriori error estimation for multi-dimensional transport problems},
  volume={197},
  year={2008}
}

@article{hauke2009variational,
  author={Hauke, Guillermo and Fuster, Daniel},
  doi = {10.1115/1.3057403},
  journal = {J. of Appl. Mechanics},
  month = {Jan.},
  number = {2},
  pages={21201--21207},
  publisher={Amer. Soc. of Mech. Eng.},
  title = {Variational Multiscale A Posteriori Error Estimation for Quantities of Interest},
  volume={76},
  year={2009}
}

@article{hartmann2002adaptive,
  author = {Hartmann, Ralf and Houston, Paul},
  doi = {10.1006/jcph.2002.7206},
  journal = {J. of Comput. Physics},
  month = {Dec.},
  number={2},
  pages={508--532},
  publisher={Elsevier},
  title={Adaptive discontinuous Galerkin finite element methods for the compressible Euler equations},
  volume={183},
  year={2002}
}

@article{heroux2005overview,
  author = {Michael A. Heroux, Michael A. and Bartlett, Roscoe A. and Howle, Vicki E. and et al.},
  doi = {10.1145/1089014.1089021},
  journal = {ACM Trans. on Math. Software},
  month = {Sep.},
  number = {3},
  pages = {397--423},
  publisher={Assoc. for Comput. Machinery},
  title={An overview of the {T}rilinos project},
  volume={31},
  year={2005},
}

@article{heroux2012new,
  author={Heroux, Michael A and Willenbring, James M},
  doi = {10.3233/SPR-2012-0355},
  journal = {Scientific Programming},
  month = {Mar.},
  number = {2},
  pages = {83--88},
  publisher = {Hindawi Publishing Corp.},
  title = {A new overview of the {T}rilinos project},
  volume={20},
  year={2012}
}

@article{hughes1986new,
  author = {Hughes, Thomas JR and Franca, Leopoldo P and Balestra, Marc},
  doi = {10.1016/0045-7825(86)90025-3},
  journal = {Comput. Methods in Appl. Mechanics and Eng.},
  month = {Nov.},
  number = {1},
  pages = {85--99},
  publisher = {Elsevier},
  title={A new finite element formulation for computational fluid dynamics: {V}. {C}ircumventing the Babu{\v{s}}ka-Brezzi condition: A stable Petrov-Galerkin formulation of the Stokes problem accommodating equal-order interpolations},
  volume={59},
  year={1986}
}

@article{hughes1989new,
  author = {Hughes, Thomas JR and Franca, Leopoldo P and Hulbert, Gregory M},
  doi = {10.1016/0045-7825(89)90111-4},
  journal = {Comput. Methods in Appl. Mechanics and Eng.},
  month = {May},
  number = {2},
  pages = {173--189},
  publisher={Elsevier},
  title={A new finite element formulation for computational fluid dynamics: {VIII}. The Galerkin/least-squares method for advective-diffusive equations},
  volume={73},
  year={1989}
}

@article{hughes1998variational,
  author = {Hughes, Thomas JR and Feij{\'o}o, Gonzalo R and Mazzei, Luca and Quincy, Jean-Baptiste},
  doi = {10.1016/S0045-7825(98)00079-6},
  journal = {Comput. Methods in Appl. Mechanics and Eng.},
  month = {Nov.},
  number = {1},
  pages = {3--24},
  publisher = {Elsevier},
  title = {The variational multiscale method : a paradigm for computational mechanics},
  volume={166},
  year={1998}
}

@article{hughes2000large,
  author = {Hughes, Thomas JR and Mazzei, Luca and Jansen, Kenneth E},
  doi = {10.1007/s007910050051},
  journal = {Comput. and Vis. in Science},
  month = {May},
  number = {1-2},
  pages = {47--59},
  publisher = {Springer},
  title = {Large eddy simulation and the variational multiscale method},
  volume = {3},
  year = {2000}
}

@article{hughes2007variational,
  author = {Hughes, Thomas JR and Sangalli, Giancarlo},
  doi = {10.1137/050645646},
  journal = {SIAM J. on Numerical Anal.},
  month = {Mar.},
  number = {2},
  pages = {539--557},
  publisher = {Soc. for Ind. \& Appl. Math.},
  title = {Variational multiscale analysis: the fine-scale Green's function, projection, optimization, localization, and stabilized methods},
  volume = {45},
  year = {2007}
}

@article{ibanez2016pumi,
  author = {Ibanez, Daniel A and Seol, E Seegyoung and Smith, Cameron W and Shephard, Mark S},
  doi = {10.1145/2814935},
  journal = {ACM Trans. on Math. Software},
  month = {Jun.},
  number = {3},
  pages={17--45},
  publisher = {Assoc. for Comput. Machinery},
  title={{PUMI}: {P}arallel unstructured mesh infrastructure},
  volume={42},
  year={2016}
}

@article{ibanez2017modifiable,
  author = {Ibanez, Dan and Shephard, Mark S},
  doi = {10.1137/16M1063496},
  journal = {SIAM J. on Scientific Comput.},
  month = {Apr.},
  number = {2},
  pages = {C144--C161},
  publisher = {Soc. for Ind. \& Appl. Math.},
  title = {Modifiable array data structures for mesh topology},
  volume = {39},
  year = {2017},
}

@article{klaas1999stabilized,
  author = {Klaas, Ottmar and Maniatty, Antoinette and Shephard, Mark S},
  doi = {10.1016/S0045-7825(99)00059-6},
  journal = {Comput. Methods in Appl. Mechanics and Eng.},
  month = {Nov.},
  number = {1},
  pages = {65--79},
  publisher = {Elsevier},
  title = {A stabilized mixed finite element method for finite elasticity: {F}ormulation for linear displacement and pressure interpolation},
  volume = {180},
  year = {1999}
}

@article{larsson2002strategies,
  author = {Larsson, Fredrik and Hansbo, Peter and Runesson, Kenneth},
  doi = {10.1002/nme.513},
  journal = {Int. J. for Numerical Methods in Eng.},
  month = {Aug.},
  number = {8},
  pages = {879--894},
  publisher = {Wiley-Blackwell},
  title = {Strategies for computing goal-oriented a posteriori error measures in non-linear elasticity},
  volume = {55},
  year = {2002}
}

@article{larson2007adaptive,
  author = {Larson, Mats G and M{\aa}lqvist, Axel},
  doi = {10.1016/j.cma.2006.08.019},
  journal = {Comput. Methods in Appl. Mechanics and Eng.},
  month = {Apr.},
  number = {21},
  pages = {2313--2324},
  publisher = {Elsevier},
  title = {Adaptive variational multiscale methods based on a posteriori error estimation: energy norm estimates for elliptic problems},
  volume = {196},
  year = {2007}
}

@article{legant2010measurement,
  author = {Legant, Wesley R and Miller, Jordan S and Blakely, Brandon L and Cohen, Daniel M and Genin, Guy M and Chen, Christopher S},
  doi = {10.1038/nmeth.1531},
  journal = {Nature Methods},
  month = {Dec.},
  pages = {969--971},
  publisher = {Nature Publishing Group},
  title={Measurement of mechanical tractions exerted by cells in three-dimensional matrices},
  volume = {7},
  year = {2010}
}

@article{li20053d,
  author = {Li, Xiangrong and Shephard, Mark S and Beall, Mark W},
  doi = {10.1016/j.cma.2004.11.019},
  journal = {Comput. Methods in Appl. Mechanics and Eng.},
  month = {Nov.},
  number = {48},
  pages = {4915--4950},
  publisher = {Elsevier},
  title = {{3D} anisotropic mesh adaptation by mesh modification},
  volume = {194},
  year = {2005}
}

@article{maniatty2002higher,
  author = {Maniatty, Antoinette M and Liu, Yong and Klaas, Ottmar and Shephard, Mark S},
  doi = {10.1016/S0045-7825(01)00335-8},
  journal = {Comput. Methods in Appl. Mechanics and Eng.},
  month = {Jan.},
  number = {13},
  pages = {1491--1503},
  publisher = {Elsevier},
  title = {Higher order stabilized finite element method for hyperelastic finite deformation},
  volume = {191},
  year = {2002},
}

@article{masud2011variational,
  author = {Masud, Arif and Truster, Timothy J and Bergman, Lawrence A},
  doi = {10.1016/j.cma.2014.11.009},
  journal = {Comput. Methods in Appl. Mechanics and Eng.},
  month = {Mar.},
  number = {47},
  pages = {3453--3481},
  publisher = {Elsevier},
  title = {A variational multiscale a posteriori error estimation method for mixed form of nearly incompressible elasticity},
  volume = {200},
  year = {2011}
}

@article{masud2013framework,
  author = {Masud, Arif and Truster, Timothy J},
  doi = {10.1016/j.cma.2013.08.010},
  journal = {Comput. Methods in Appl. Mechanics and Eng.},
  month = {Dec.},
  pages = {359--399},
  publisher = {Elsevier},
  title = {A framework for residual-based stabilization of incompressible finite elasticity: Stabilized formulations and F methods for linear triangles and tetrahedra},
  volume = {267},
  year = {2013}
}

@article{oberai1998multiscale,
  author = {Oberai, Assad A and Pinsky, Peter M},
  doi = {10.1016/S0045-7825(97)00130-8},
  journal = {Comput. Methods in Appl. Mechanics and Eng.},
  month = {Mar.},
  number = {3},
  pages = {281--297},
  publisher = {Elsevier},
  title = {A multiscale finite element method for the Helmholtz equation},
  volume = {154},
  year = {1998}
}

@article{ostien2016tet,
  author = {Ostien, JT and Foulk, JW and Mota, A and Veilleux, MG},
  doi = {10.1002/nme.5218},
  journal = {Int. J. for Numerical Methods in Eng.},
  month = {Feb.},
  number = {13},
  pages = {1145--1170},
  publisher = {Wiley-Blackwell},
  title = {A 10-node composite tetrahedral finite element for solid mechanics},
  volume = {107},
  year = {2016}
}

%%%%%%%%%%%%%%%%%%%%%%%%%%%%%%%%%
%% TODO
%%%%%%%%%%%%%%%%%%%%%%%%%%%%%

@article{paszek2005tensional,
  title={Tensional homeostasis and the malignant phenotype},
  author={Paszek, Matthew J and Zahir, Nastaran and Johnson, Kandice R and Lakins, Johnathon N and Rozenberg, Gabriela I and Gefen, Amit and Reinhart-King, Cynthia A and Margulies, Susan S and Dembo, Micah and Boettiger, David and others},
  journal={Cancer cell},
  volume={8},
  number={3},
  pages={241--254},
  year={2005},
  publisher={Elsevier}
}

@article{pawlowski2012automating1,
  title={Automating embedded analysis capabilities and managing software complexity in multiphysics simulation, Part I: Template-based generic programming},
  author={Pawlowski, Roger P and Phipps, Eric T and Salinger, Andrew G},
  journal={Scientific Programming},
  volume={20},
  number={2},
  pages={197--219},
  year={2012},
  publisher={Hindawi Publishing Corp.}
}

@article{pawlowski2012automating2,
  title={Automating embedded analysis capabilities and managing software complexity in multiphysics simulation, Part II: Application to partial differential equations},
  author={Pawlowski, Roger P and Phipps, Eric T and Salinger, Andrew G and Owen, Steven J and Siefert, Christopher M and Staten, Matthew L},
  journal={Scientific Programming},
  volume={20},
  number={3},
  pages={327--345},
  year={2012},
  publisher={Hindawi Publishing Corp.}
}

@article{peraire1998bounds,
  title={Bounds for linear-functional outputs of coercive partial differential equations: local indicators and adaptive refinement},
  author={Peraire, J and Patera, AT},
  journal={Studies in Applied Mechanics},
  volume={47},
  pages={199--216},
  year={1998}
}

@incollection{phipps2012efficient,
  title={Efficient expression templates for operator overloading-based automatic differentiation},
  author={Phipps, Eric and Pawlowski, Roger},
  booktitle={Recent Advances in Algorithmic Differentiation},
  pages={309--319},
  year={2012},
  publisher={Springer}
}

@article{pierce2004adjoint,
  title={Adjoint and defect error bounding and correction for functional estimates},
  author={Pierce, Niles A and Giles, Michael B},
  journal={Journal of Computational Physics},
  volume={200},
  number={2},
  pages={769--794},
  year={2004},
  publisher={Elsevier}
}

@article{prudhomme1999goal,
  title={On goal-oriented error estimation for elliptic problems: application to the control of pointwise errors},
  author={Prudhomme, Serge and Oden, J Tinsley},
  journal={Computer Methods in Applied Mechanics and Engineering},
  volume={176},
  number={1-4},
  pages={313--331},
  year={1999},
  publisher={Elsevier}
}

@article{prudhomme2003practical,
  title={Practical methods for a posteriori error estimation in engineering applications},
  author={Prudhomme, Serge and Oden, J Tinsley and Westermann, Tim and Bass, Jon and Botkin, Mark E},
  journal={International Journal for Numerical Methods in Engineering},
  volume={56},
  number={8},
  pages={1193--1224},
  year={2003},
  publisher={Wiley Online Library}
}

@article{rabizadeh2015adaptive,
  title={Adaptive thermo-mechanical finite element formulation based on goal-oriented error estimation},
  author={Rabizadeh, E and Bagherzadeh, A Saboor and Rabczuk, T},
  journal={Computational Materials Science},
  volume={102},
  pages={27--44},
  year={2015},
  publisher={Elsevier}
}

@article{ramesh2005stabilized,
  title={Stabilized finite element formulation for elastic--plastic finite deformations},
  author={Ramesh, Binoj and Maniatty, Antoinette M},
  journal={Computer Methods in Applied Mechanics and Engineering},
  volume={194},
  number={6},
  pages={775--800},
  year={2005},
  publisher={Elsevier}
}

@article{rannacher1997feed,
  title={A feed-back approach to error control in finite element methods: application to linear elasticity},
  author={Rannacher, Rolf and Suttmeier, F-T},
  journal={Computational Mechanics},
  volume={19},
  number={5},
  pages={434--446},
  year={1997},
  publisher={Springer}
}

@article{rannacher1998posteriori,
  title={A posteriori error control in finite element methods via duality techniques: Application to perfect plasticity},
  author={Rannacher, Rolf and Suttmeier, F-T},
  journal={Computational mechanics},
  volume={21},
  number={2},
  pages={123--133},
  year={1998},
  publisher={Springer}
}

@article{rannacher1999posteriori,
  title={A posteriori error estimation and mesh adaptation for finite element models in elasto-plasticity},
  author={Rannacher, Rolf and Suttmeier, Franz-Theo},
  journal={Computer Methods in Applied Mechanics and Engineering},
  volume={176},
  number={1-4},
  pages={333--361},
  year={1999},
  publisher={Elsevier}
}

@article{richter2015variational,
  title={Variational localizations of the dual weighted residual estimator},
  author={Richter, Thomas and Wick, Thomas},
  journal={Journal of Computational and Applied Mathematics},
  volume={279},
  pages={192--208},
  year={2015},
  publisher={Elsevier}
}

@article{rognes2013automated,
  title={Automated goal-oriented error control I: Stationary variational problems},
  author={Rognes, Marie E and Logg, Anders},
  journal={SIAM Journal on Scientific Computing},
  volume={35},
  number={3},
  pages={C173--C193},
  year={2013},
  publisher={SIAM}
}

@article{smith2015parma,
  title={Improving Unstructured Mesh Partitions for Multiple Criteria Using Mesh Adjacencies},
  author={Cameron W. Smith and Michel Rasquin and Dan Ibanez and Kenneth E. Jansen and Mark S. Shephard},
  journal={SIAM J. Scientific Comput.},
  note={accepted}
}

@article{stein2007error,
  title={Error-controlled adaptive goal-oriented modeling and finite element approximations in elasticity},
  author={Stein, Erwin and R{\"u}ter, Marcus and Ohnimus, Stephan},
  journal={Computer methods in applied mechanics and engineering},
  volume={196},
  number={37},
  pages={3598--3613},
  year={2007},
  publisher={Elsevier}
}

@article{taylor1973numerical,
  title={A numerical solution of the Navier-Stokes equations using the finite element technique},
  author={Taylor, Cedric and Hood, Paul},
  journal={Computers \& Fluids},
  volume={1},
  number={1},
  pages={73--100},
  year={1973},
  publisher={Elsevier}
}

@article{tezaur2015albany,
  title={Albany/FELIX: a parallel, scalable and robust, finite element, first-order Stokes approximation ice sheet solver built for advanced analysis},
  author={Tezaur, Irina K and Perego, Mauro and Salinger, Andrew G and Tuminaro, Raymond S and Price, Stephen F},
  journal={Geoscientific Model Development},
  volume={8},
  number={4},
  pages={1197--1220},
  year={2015},
  publisher={Copernicus GmbH}
}

@article{tezduyar1991stabilized,
  title={Stabilized finite element formulations for incompressible flow computations},
  author={Tezduyar, Tayfun E},
  journal={Advances in applied mechanics},
  volume={28},
  pages={1--44},
  year={1991},
  publisher={Elsevier}
}

@article{tezduyar1992incompressible,
  title={Incompressible flow computations with stabilized bilinear and linear equal-order-interpolation velocity-pressure elements},
  author={Tezduyar, Tayfun E and Mittal, Sanjay and Ray, SE and Shih, R},
  journal={Computer Methods in Applied Mechanics and Engineering},
  volume={95},
  number={2},
  pages={221--242},
  year={1992},
  publisher={Elsevier}
}

@article{venditti2000adjoint,
  doi = {10.1006/jcph.2000.6600},
  url = {http://dx.doi.org/10.1006/jcph.2000.6600},
  year  = {2000},
  month = {Oct},
  publisher = {Elsevier {BV}},
  volume = {164},
  number = {1},
  pages = {204--227},
  author = {David A Venditti and David L Darmofal},
  title = {Adjoint Error Estimation and Grid Adaptation for Functional Outputs: Application to Quasi-One-Dimensional Flow},
  journal = {Journal of Computational Physics}
}

@article{venditti2002adjoint,
  doi = {10.1006/jcph.2001.6967},
  url = {http://dx.doi.org/10.1006/jcph.2001.6967},
  year  = {2002},
  month = {Feb},
  publisher = {Elsevier {BV}},
  volume = {176},
  number = {1},
  pages = {40--69},
  author = {David A. Venditti and David L. Darmofal},
  title = {Grid Adaptation for Functional Outputs: Application to Two-Dimensional Inviscid Flows},
  journal = {Journal of Computational Physics}
}

@article{venditti2003adjoint,
  author = {Venditti, David A. and Darmofal, David L.},
  title = {Anisotropic Grid Adaptation for Functional Outputs: Application to Two-dimensional Viscous Flows},
  journal = {J. Comput. Phys.},
  issue_date = {May 2003},
  volume = {187},
  number = {1},
  month = may,
  year = {2003},
  issn = {0021-9991},
  pages = {22--46},
  numpages = {25},
  url = {http://dx.doi.org/10.1016/S0021-9991(03)00074-3},
  doi = {10.1016/S0021-9991(03)00074-3},
  acmid = {795464},
  publisher = {Academic Press Professional, Inc.},
  address = {San Diego, CA, USA},
}

@article{verfurth1994adaptive,
  author = {Verf\"{u}rth, R\"{u}diger},
  doi = {10.1016/0377-0427(94)90290-9},
  journal = {J. of Comput. and Appl. Math.},
  month = {May},
  number = {1-3},
  pages = {67--83},
  publisher = {Elsevier},
  title = {A posteriori error estimation and adaptive mesh-refinement techniques},
  volume = {50},
  year = {1994}
}

@article{wick2016goal,
  title={Goal functional evaluations for phase-field fracture using {PU}-based {DWR} mesh adaptivity},
  author={Wick, Thomas},
  journal={Computational Mechanics},
  volume={57},
  number={6},
  pages={1017--1035},
  year={2016},
  publisher={Springer}
}

@article{whiteley2014error,
  title={Error estimation and adaptivity for incompressible hyperelasticity},
  author={Whiteley, JP and Tavener, SJ},
  journal={International Journal for Numerical Methods in Engineering},
  volume={99},
  number={5},
  pages={313--332},
  year={2014},
  publisher={Wiley Online Library}
}

@article{zienkiewicz1992superconvergenti,
  title={The superconvergent patch recovery and a posteriori error estimates. {P}art 1{:} {T}he recovery technique},
  author={Zienkiewicz, Olgierd Cecil and Zhu, Jian Zhong},
  journal={International Journal for Numerical Methods in Engineering},
  volume={33},
  number={7},
  pages={1331--1364},
  year={1992},
  publisher={Wiley Online Library}
}

@article{zienkiewicz1992superconvergentii,
  title={The superconvergent patch recovery and a posteriori error estimates. Part 2: Error estimates and adaptivity},
  author={Zienkiewicz, Olgierd Cecil and Zhu, Jian Zhong},
  journal={International Journal for Numerical Methods in Engineering},
  volume={33},
  number={7},
  pages={1365--1382},
  year={1992},
  publisher={Wiley Online Library}
}

@article{bloomfield2017component,
  title={Component-based workflows for parallel thermomechanical analysis of arrayed geometries},
  author={Bloomfield, Max O and Li, Zhen and Granzow, Brian and Ibanez, Daniel A and Oberai, Assad A and Hansen, Glen A and Liu, Xiao Hu and Shephard, Mark S},
  journal={Engineering with Computers},
  volume={33},
  number={3},
  pages={509--517},
  year={2017},
  publisher={Springer}
}

@article{li2017simulation,
  title={Simulation of finite-strain inelastic phenomena governed by creep and plasticity},
  author={Li, Zhen and Bloomfield, Max O and Oberai, Assad A},
  journal={Computational Mechanics},
  pages={1--23},
  year={2017},
  publisher={Springer}
}

@article{richardson1911approximate,
  title={The approximate arithmetical solution by finite differences of physical problems involving differential equations, with an application to the stresses in a masonry dam},
  author={Richardson, Lewis Fry},
  journal={Philosophical Transactions of the Royal Society of London. Series A, Containing Papers of a Mathematical or Physical Character},
  volume={210},
  pages={307--357},
  year={1911},
  publisher={JSTOR}
}




%%%%%%%%%%%%%%%%%%%%%%%%%%%%%%%%%%%%%%%%%%%%%%%%%%%%%%%%%%%%%%%%%%
%% WEIRD STUFF
%%%%%%%%%%%%%%%%%%%%%%%%%%%%%%%%%%%%%%%%%%%%%%%%%%%%%%%%

@book{ainsworth2011posteriori,
  author = {Ainsworth, Mark and Oden, J. Tinsley},
  doi = {10.1002/9781118032824},
  publisher={John Wiley \& Sons},
  address = {Hoboken, NJ, USA},
  title= {A posteriori error estimation in finite element analysis},
  year = {2011}
}

%% FIXME
@book{bangerth2013adaptive,
  title={Adaptive finite element methods for differential equations},
  author={Bangerth, Wolfgang and Rannacher, Rolf},
  year={2013},
  publisher={Birkh{\"a}user}
}

%% FIXME
@TECHREPORT{barth2002aposteriori,
  author = {Timothy J. Barth and Mats G. Larson},
  title = {A posteriori error estimates for higher order godunov finite volume methods on unstructured meshes},
  institution = {Complex Applications III, R. Herbin and D. Kroner (Eds), HERMES Science Publishing Ltd},
  year = {2002}
}

%% FIXME
@inproceedings{chen2014automatic,
  title={Automatic differentiation for numerically exact computation of tangent operators in small-and large-deformation computational inelasticity},
  author={Chen, Qiushi and Ostien, Jakob T and Hansen, Glen},
  booktitle={TMS 2014: 143rd Annual Meeting \& Exhibition},
  pages={289--296},
  year={2014},
  organization={Springer}
}

%% FIXME
@misc{dealiistep14,
  author = {Wolfgang Bangerth},
  title = {Deal ii Step 14},
  howpublished = "\url{https://www.dealii.org/8.4.0/doxygen/deal.II/step_14.html}",
  year = {2017},
  note = "[Online; accessed 1-December-2017]"
}

%% FIXME
@inproceedings{diamond2017dynamic,
 author = {Diamond, Gerrett and Smith, Cameron W. and Shephard, Mark S.},
 title = {Dynamic Load Balancing of Massively Parallel Unstructured Meshes},
 booktitle = {Proceedings of the 8th Workshop on Latest Advances in Scalable Algorithms for Large-Scale Systems},
 series = {ScalA '17},
 year = {2017},
 isbn = {978-1-4503-5125-6},
 location = {Denver, Colorado},
 pages = {9:1--9:7},
 articleno = {9},
 numpages = {7},
 url = {http://doi.acm.org/10.1145/3148226.3148236},
 doi = {10.1145/3148226.3148236},
 acmid = {3148236},
 publisher = {ACM},
 address = {New York, NY, USA},
 keywords = {dynamic load balancing, hypergraph, multigraph, partition improvement},
}

%% FIX ME
@book{eriksson1996computational,
  author = {Eriksson, K and Estep, D and Hansbo, P and Johnshon, C},
  edition = {2},
  address = {New York, NY, USA},
  publisher={Cambridge Univ. Press},
  year = {1996}
}

%% FIX ME
@techreport{fidkowski2006output,
  title={Output-based adaptive meshing using triangular cut cells},
  author={Fidkowski, Krzysztof J and Darmofal, David L},
  year={2006},
  institution={Aerospace Computational Design Laboratory, Dept. of Aeronautics \& Astronautics, Massachusetts Institute of Technology}
}

%% FIXME
@inbook{giles1997adjoint,
  Annote = {doi:10.2514/6.1997-1850},
  Author = {Giles, M. and Pierce, N. and Giles, M. and Pierce, N.},
  Booktitle = {13th Computational Fluid Dynamics Conference},
  Doi = {doi:10.2514/6.1997-1850},
  M3 = {doi:10.2514/6.1997-1850},
  Month = {2017/12/21},
  Publisher = {American Institute of Aeronautics and Astronautics},
  Title = {Adjoint equations in CFD - Duality, boundary conditions and solution behaviour},
  Ty = {CHAP},
  Url = {https://doi.org/10.2514/6.1997-1850},
  Year = {1997},
  Year1 = {1997/06/29},
  Bdsk-Url-1 = {https://doi.org/10.2514/6.1997-1850},
  Bdsk-Url-2 = {http://dx.doi.org/10.2514/6.1997-1850}}
}

% FIXME
@Inbook{giles2003adjoint,
author="Giles, Michael B.
and Pierce, Niles A.",
editor="Barth, Timothy J.
and Deconinck, Herman",
chapter="Adjoint Error Correction for Integral Outputs",
title="Error Estimation and Adaptive Discretization Methods in Computational Fluid Dynamics",
year="2003",
publisher="Springer Berlin Heidelberg",
address="Berlin, Heidelberg",
pages="47--95",
isbn="978-3-662-05189-4",
doi="10.1007/978-3-662-05189-4_2",
url="http://dx.doi.org/10.1007/978-3-662-05189-4_2"
}

% FIXME
@article{ghorashi2014goal,
  title={Goal-oriented error estimation and mesh adaptivity in three-dimentional elasticity problems},
  author={Ghorashi, S Sh and Amani, J and Bagherzadeh, AS and Rabczuk, T},
  journal={WCCM XI-ECCM V-ECFD VI, Barcelona, Spain},
  year={2014}
}



%% FIXME
@article{granzow2017adjoint,
  author={Granzow, Brian N and Oberai, Assad A and Shephard, Mark S},
  title={Adjoint-based error estimation and mesh adaptation for stabilized finite deformation elasticity},
  year={2017},
  journal={Computer Methods in Applied Mechanics and Engineering},
  note={under review}
}

%% FIXME
@article{granzow2018automated,
  author={Granzow, Brian N and Oberai, Assad A and Shephard, Mark S},
  title={An automated approach for parallel adjoint-based error estimation and mesh adaptation},
  year={2018},
  journal={Engineering with Computers},
  note={under review}
}

%% FIXME
@misc{goal_github,
  author = {Brian N. Granzow},
  title = {Goal {GitHub} repository},
  howpublished = "\url{https://github.com/bgranzow/goal}",
  year = {2017},
  note = "[Online; accessed 1-December-2017]"
}

@book{griewank2008evaluating,
  title={Evaluating derivatives: principles and techniques of algorithmic differentiation},
  author={Griewank, Andreas and Walther, Andrea},
  year={2008},
  publisher={SIAM}
}

@book{logg2012automated,
  title={Automated solution of differential equations by the finite element method: The FEniCS book},
  author={Logg, Anders and Mardal, Kent-Andre and Wells, Garth},
  volume={84},
  year={2012},
  publisher={Springer Science \& Business Media}
}

@phdthesis{lu2005posteriori,
  title={An a posteriori error control framework for adaptive precision optimization using discontinuous Galerkin finite element method},
  author={Lu, James},
  year={2005},
  school={Massachusetts Institute of Technology}
}

@techreport{MueLu,
title={Mue{L}u User’s Guide 1.0},
author={Andrey Prokopenko and  Jonathan J. Hu and Tobias A. Wiesner and Christopher M. Siefert and Raymond S. Tuminaro},
rumber={SAND2014-18874},
year={2014},
institution = {Sandia National Labs},
}

@techreport{salinger2013albany,
  title={Albany: A Component-Based Partial Differential Equation Code Built on Trilinos.},
  author={Salinger, Andrew G and Bartett, Roscoe A and Chen, Quishi and Gao, Xujiao and Hansen, Glen and Kalashnikova, Irina and Mota, Alejandro and Muller, Richard P and Nielsen, Erik and Ostien, Jakob and others},
  year={2013},
  institution={Sandia National Laboratories Livermore, CA; Sandia National Laboratories (SNL-NM), Albuquerque, NM (United States)}
}

@book{simo2006computational,
  title={Computational Inelasticity},
  author={Simo, Juan C and Hughes, Thomas JR},
  volume={7},
  year={2006},
  publisher={Springer Science \& Business Media}
}

@inproceedings{smith2016memory,
  title={In-memory Integration of Existing Software Components for Parallel Adaptive Unstructured Mesh Workflows},
  author={Smith, Cameron W and Granzow, Brian and Ibanez, Dan and Sahni, Onkar and Jansen, Kenneth E and Shephard, Mark S},
  booktitle={Proceedings of the XSEDE16 Conference on Diversity, Big Data, and Science at Scale},
  pages={34},
  year={2016},
  organization={ACM}
}

@article{nemec2007adjoint,
  title={Adjoint error estimation and adaptive refinement for embedded-boundary Cartesian meshes},
  author={Nemec, Marian and Aftosmis, Michael J},
  journal={AIAA Paper},
  volume={4187},
  pages={2007},
  year={2007}
}

@misc{simo1998computational,
  title={Computational Inelasticity, Interdisciplinary Applied Mathematics 7},
  author={Simo, JC and Hughes, TJR},
  year={1998},
  publisher={Springer, New York}
}
